A23007000044          LADDER TECNOLOGIA   756SICOOB CONEXAO      2023092200001704DEBITO AUTOMATICO                                                    
F00000000000000000000020013007000000008505432023092500000000001350030000000000000000000000000000000000000000000000000002023062001                    0
F00000000000000000000003203007000000001730452023092500000000001350015000000000000000000000000000000000000000000000000000202305320                    0
F00000000000000000000019813007000000036237002023092500000000001250015000000000000000000000000000000000000000000000000002022121981                    0
F00000000000000000000019523007000000038604262023092500000000001350030000000000000000000000000000000000000000000000000002023071952                    0
F00000000000000000000019863007000000010873202023092500000000002250015000000000000000000000000000000000000000000000000002022111986                    0
Z00000700000000000075500                                                                                                                              
