A13007000044          LADDER TECNOLOGIA   756SICOOB              2023092000037604DEBITO AUTOMATICO                                                    
E00000000000000000000019223009000000036873092023092200000000001250003000000000000000000000000000000000000000000000000002022101922                    0
E00000000000000000000019023009000000036084922023092200000000001350003000000000000000000000000000000000000000000000000002023091902                    0
E00000000000000000000019653009000000032643782023092200000000001350003000000000000000000000000000000000000000000000000002023091965                    0
E00000000000000000000002243009000000030837302023092200000000001350003000000000000000000000000000000000000000000000000000202309224                    0
E00000000000000000000020013009000000008505432023092200000000001350003000000000000000000000000000000000000000000000000002023062001                    0
E00000000000000000000019793009000000035886102023092200000000001350003000000000000000000000000000000000000000000000000002023091979                    0
E00000000000000000000011763009000000030151302023092200000000001350003000000000000000000000000000000000000000000000000002023091176                    0
E00000000000000000000002403009000000035956502023092200000000001350003000000000000000000000000000000000000000000000000000202301240                    0
E00000000000000000000019523009000000038604262023092200000000001350003000000000000000000000000000000000000000000000000002023071952                    0
E00000000000000000000010253009000000030207622023092200000000001350003000000000000000000000000000000000000000000000000002023051025                    0
E00000000000000000000019863009000000010873202023092200000000002250003000000000000000000000000000000000000000000000000002022111986                    0
E00000000000000000000018493009000000032326462023092200000000001350003000000000000000000000000000000000000000000000000002023091849                    0
E00000000000000000000019733009000000036177692023092200000000001350003000000000000000000000000000000000000000000000000002023091973                    0
E00000000000000000000019913009000000035987562023092200000000001350003000000000000000000000000000000000000000000000000002023031991                    0
E00000000000000000000018313009000000031195992023092200000000001350003000000000000000000000000000000000000000000000000002023091831                    0
E00000000000000000000003203009000000001730452023092200000000001350003000000000000000000000000000000000000000000000000000202305320                    0
E00000000000000000000019543009000000036779232023092200000000001350003000000000000000000000000000000000000000000000000002023071954                    0
E00000000000000000000017843009000000031469602023092200000000001350003000000000000000000000000000000000000000000000000002023081784                    0
E00000000000000000000019813009000000036237002023092200000000001250003000000000000000000000000000000000000000000000000002022121981                    0
E00000000000000000000019403009000000030048482023092200000000001350003000000000000000000000000000000000000000000000000002023021940                    0
E00000000000000000000018833009000000034441802023092200000000001350003000000000000000000000000000000000000000000000000002023081883                    0
E00000000000000000000018293009000000031886802023092200000000001350003000000000000000000000000000000000000000000000000002023081829                    0
E00000000000000000000019693009000000037081522023092200000000001350003000000000000000000000000000000000000000000000000002023091969                    0
E00000000000000000000019553009000000036283962023092200000000001350003000000000000000000000000000000000000000000000000002023091955                    0
E00000000000000000000018953009000000035544492023092200000000001350003000000000000000000000000000000000000000000000000002023081895                    0
E00000000000000000000001213009000000031585602023092200000000001350003000000000000000000000000000000000000000000000000000202307121                    0
Z00002800000000000358000                                                                                                                              
